% Data
@article{toxicity,
  title={Research: Detox},
  author={Google and Wikipedia},
  url = {https://meta.wikimedia.org/wiki/Research:Detox/Data_Release},
  year={2015}
}

% ML
@article{wright2015ranger,
  title={ranger: A fast implementation of random forests for high dimensional data in C++ and R},
  author={Wright, Marvin N and Ziegler, Andreas},
  journal={arXiv preprint arXiv:1508.04409},
  year={2015}
}

@misc{chollet2015keras,
  title={Keras},
  author={Chollet, Fran{\c{c}}ois and others},
  year={2015}
}

@article{selivanov2016text2vec,
  title={text2vec: Modern text mining framework for R},
  author={Selivanov, Dmitriy and Wang, Qing},
  journal={Computer software manual](R package version 0.4. 0). Retrieved from https://CRAN. R-project. org/package= text2vec},
  year={2016}
}


# LDA
@article{blei2009topic,
  title={Topic models},
  author={Blei, David M and Lafferty, John D},
  booktitle={Text Mining},
  pages={101--124},
  year={2009},
  publisher={Chapman and Hall/CRC}
}

# AE
@article{doersch2016tutorial,
  title={Tutorial on variational autoencoders},
  author={Doersch, Carl},
  journal={arXiv preprint arXiv:1606.05908},
  year={2016}
}

@article{kingma2013auto,
  title={Auto-encoding variational bayes},
  author={Kingma, Diederik P and Welling, Max},
  journal={arXiv preprint arXiv:1312.6114},
  year={2013}
}

@article{rezende2014stochastic,
  title={Stochastic backpropagation and approximate inference in deep generative models},
  author={Rezende, Danilo Jimenez and Mohamed, Shakir and Wierstra, Daan},
  journal={arXiv preprint arXiv:1401.4082},
  year={2014}
}

@article{charte2019ruta,
  title={Ruta: Implementations of neural autoencoders in R},
  author={Charte, David and Herrera, Francisco and Charte, Francisco},
  journal={Knowledge-Based Systems},
  year={2019},
  publisher={Elsevier}
}

@article{charte2018practical,
  title={A practical tutorial on autoencoders for nonlinear feature fusion: Taxonomy, models, software and guidelines},
  author={Charte, David and Charte, Francisco and Garc{\'\i}a, Salvador and del Jesus, Mar{\'\i}a J and Herrera, Francisco},
  journal={Information Fusion},
  volume={44},
  pages={78--96},
  year={2018},
  publisher={Elsevier}
}

@inproceedings{chen2017kate,
  title={Kate: K-competitive autoencoder for text},
  author={Chen, Yu and Zaki, Mohammed J},
  booktitle={Proceedings of the 23rd ACM SIGKDD International Conference on Knowledge Discovery and Data Mining},
  pages={85--94},
  year={2017},
  organization={ACM}
}