% Intro

@article{fa2018,
	Author = {Lohse, Eckart and Wehner, Markus},
	Journal = {Frankfurter Allgemeine, Berlin},
	Title = {Mit Verlaub, Herr Präsident},
	Year = {2018},
	Url = {http://www.faz.net/aktuell/politik/ inland/afd-und-die-gruenen-sorgen-im-bundestag-fuer-rauere-debatten-15475773.html}
}

@article{welt2018,
	Author = {Poschardt, Ulf},
	Journal = {Welt},
	Title = {Die AfD hat den Bundestag wachgerüttelt},
	Year = {2018},
	Url = {https://www.welt.de/debatte/article173912272/Debattenkultur-Die-AfD -hat-den-Bundestag-wachgeruettelt.html}
}

@book{de1748spirit,
  title={The Spirit of Laws},
  author={de Secondat, Charles and De Montesquieu, Baron},
  year={1748},
  publisher={Cambridge University Press, Cambridge}
}

@book{mayhew1974congress,
  title={Congress: The electoral connection},
  author={Mayhew, David R},
  volume={26},
  year={1974},
  publisher={Yale University Press}
}

@article{martin2008coalition,
  title={Coalition government and political communication},
  author={Martin, Lanny W and Vanberg, Georg},
  journal={Political Research Quarterly},
  volume={61},
  number={3},
  pages={502--516},
  year={2008},
  publisher={Sage Publications Sage CA: Los Angeles, CA}
}

@article{quinn2010analyze,
  title={How to analyze political attention with minimal assumptions and costs},
  author={Quinn, Kevin M and Monroe, Burt L and Colaresi, Michael and Crespin, Michael H and Radev, Dragomir R},
  journal={American Journal of Political Science},
  volume={54},
  number={1},
  pages={209--228},
  year={2010},
  publisher={Wiley Online Library}
}
### Theory

@article{wyss2015decline,
  title={A decline in the quality of debate? The evolution of cognitive complexity in Swiss parliamentary debates on immigration (1968--2014)},
  author={Wyss, Dominik and Beste, Simon and B{\"a}chtiger, Andr{\'e}},
  journal={Swiss Political Science Review},
  volume={21},
  number={4},
  pages={636--653},
  year={2015},
  publisher={Wiley Online Library}
}

@inproceedings{beste2014cognitive,
  title={Cognitive complexity as a proxy for high quality deliberation?},
  author={Beste, Simon and Wyss, Dominik},
  booktitle={A theoretical and empirical exploration of cognitive complexity and deliberative quality in the EuroPolis discussions. Glasgow: Paper presented at the ECPR General Conference, September},
  pages={3--6},
  year={2014}
}

@article{steenbergen2003measuring,
  title={Measuring political deliberation: A discourse quality index},
  author={Steenbergen, Marco R and B{\"a}chtiger, Andr{\'e} and Sp{\"o}rndli, Markus and Steiner, J{\"u}rg},
  journal={Comparative European Politics},
  volume={1},
  number={1},
  pages={21--48},
  year={2003},
  publisher={Springer}
}

@article{gerber2016deliberative,
  title={Deliberative abilities and influence in a transnational Deliberative Poll (EuroPolis)},
  author={Gerber, Marl{\`e}ne and B{\"a}chtiger, Andr{\'e} and Shikano, Susumu and Reber, Simon and Rohr, Samuel},
  journal={British Journal of Political Science},
  pages={1--26},
  year={2016},
  publisher={Cambridge University Press}
}

@article{proksch2006institutions,
  title={Institutions and coalition formation: The German election of 2005},
  author={Proksch, Sven-Oliver and Slapin, Jonathan B},
  journal={West European Politics},
  volume={29},
  number={3},
  pages={540--559},
  year={2006},
  publisher={Taylor \& Francis}
}

@article{debus2009analysing,
  title={Analysing party politics in Germany with new approaches for estimating policy preferences of political actors},
  author={Debus, Marc},
  journal={German Politics},
  volume={18},
  number={3},
  pages={281--300},
  year={2009},
  publisher={Taylor \& Francis}
}

@article{diermeier2012language,
  title={Language and ideology in Congress},
  author={Diermeier, Daniel and Godbout, Jean-Fran{\c{c}}ois and Yu, Bei and Kaufmann, Stefan},
  journal={British Journal of Political Science},
  volume={42},
  number={1},
  pages={31--55},
  year={2012},
  publisher={Cambridge University Press}
}

@article{laver2003extracting,
  title={Extracting policy positions from political texts using words as data},
  author={Laver, Michael and Benoit, Kenneth and Garry, John},
  journal={American Political Science Review},
  volume={97},
  number={2},
  pages={311--331},
  year={2003},
  publisher={Cambridge University Press}
}

@article{monroe2004rhetorical,
  title={Rhetorical ideal point estimation: Mapping legislative speech},
  author={Monroe, Burt L and Maeda, Ko},
  journal={Society for Political Methodology, Stanford University},
  year={2004}
}

@article{giannetti2005policy,
  title={Policy positions and jobs in the government},
  author={Giannetti, Daniela and Laver, Michael},
  journal={European Journal of Political Research},
  volume={44},
  number={1},
  pages={91--120},
  year={2005},
  publisher={Wiley Online Library}
}

@article{proksch2010position,
  title={Position taking in European Parliament speeches},
  author={Proksch, Sven-Oliver and Slapin, Jonathan B},
  journal={British Journal of Political Science},
  volume={40},
  number={3},
  pages={587--611},
  year={2010},
  publisher={Cambridge University Press}
}

@article{mackie2011deliberation,
  title={Deliberation, but voting too},
  author={Mackie, Gerry},
  journal={Approaching deliberative democracy: Theory and practice},
  pages={75--104},
  year={2011}
}

@book{bachtiger2014debate,
  title={Debate and deliberation in legislatures},
  author={Bächtiger, Andr{\'e}},
  year={2014},
  publisher={Oxford University Press Oxford}
}

@article{habermas2005concluding,
  title={Concluding comments on empirical approaches to deliberative politics},
  author={Habermas, J{\"u}rgen},
  journal={Acta politica},
  volume={40},
  number={3},
  pages={384--392},
  year={2005},
  publisher={Springer}
}

@article{bachtiger2010deliberative,
  title={When deliberative theory meets empirical political science: theoretical and methodological challenges in political deliberation},
  author={Bächtiger, Andr{\'e}A and Hangartner, Dominik},
  journal={Political Studies},
  volume={58},
  number={4},
  pages={609--629},
  year={2010},
  publisher={SAGE Publications Sage UK: London, England}
}

@book{steiner2004deliberative,
  title={Deliberative politics in action: Analyzing parliamentary discourse},
  author={Steiner, J{\"u}rg and B{\"a}chtiger, Andr{\'e} and Sp{\"o}rndli, Markus and Steenbergen, Marco R},
  year={2004},
  publisher={Cambridge University Press}
}

@book{proksch2015politics,
  title={The politics of parliamentary debate},
  author={Proksch, Sven-Oliver and Slapin, Jonathan B},
  year={2015},
  publisher={Cambridge University Press}
}

@article{austen1992strategic,
  title={Strategic models of talk in political decision making},
  author={Austen-Smith, David},
  journal={International political science review},
  volume={13},
  number={1},
  pages={45--58},
  year={1992},
  publisher={Sage Publications Sage CA: Thousand Oaks, CA}
}

@article{austen2006deliberation,
  title={Deliberation, preference uncertainty, and voting rules},
  author={Austen-Smith, David and Feddersen, Timothy J},
  journal={American political science review},
  volume={100},
  number={2},
  pages={209--217},
  year={2006},
  publisher={Cambridge University Press}
}

@article{dewan2008qualities,
  title={The qualities of leadership: Direction, communication, and obfuscation},
  author={Dewan, Torun and Myatt, David P},
  journal={American Political science review},
  volume={102},
  number={3},
  pages={351--368},
  year={2008},
  publisher={Cambridge University Press}
}

@article{curini2012government,
  title={Government alternation and legislative party unity: the case of Italy, 1988--2008},
  author={Curini, Luigi and Zucchini, Francesco},
  journal={West European Politics},
  volume={35},
  number={4},
  pages={826--846},
  year={2012},
  publisher={Taylor \& Francis}
}

@article{helms2008governing,
  title={Governing in the Media Age: The Impact of the Mass Media on Executive Leadership in Contemporary Democracies 1},
  author={Helms, Ludger},
  journal={Government and Opposition},
  volume={43},
  number={1},
  pages={26--54},
  year={2008},
  publisher={Cambridge University Press}
}

@article{jenny2017incivility,
  title={Incivility in Austrian parliamentary debates: A supervised sentiment analysis of parliamentary speeches},
  year={2017},
  author={Jenny, Marcelo and Haselmayer, Martin and Rudkowsky, Elena and Wastian, Matthias and Emrich, Stefan and Sedlmair, Michael},
  journal={ECPR Working Paper}
}

@book{wessels1994democratic,
  title={Democratic transformation and the prerequisites of democratic opposition in East and Central Europe},
  author={Wessels, Bernhard and Klingemann, Hans-Dieter},
  year={1994},
  publisher={Wissenschaftszentrum Berlin f{\"u}r Sozialforschung}
}

@article{benoit1999functions,
  title={Functions of the great debates: Acclaims, attacks, and defenses in the 1960 presidential debates},
  author={Benoit, William L and Harthcock, Allison},
  year={1999},
  publisher={Taylor \& Francis}
}

@article{becher2008discipline,
  title={Discipline, electoral rules and defection in the Bundestag, 1983--94},
  author={Becher, Michael and Sieberer, Ulrich},
  journal={German Politics},
  volume={17},
  number={3},
  pages={293--304},
  year={2008},
  publisher={Taylor \& Francis}
}

@article{heidar2000approaches,
  title={Approaches to the study of parliamentary party groups},
  author={Heidar, Knut and Koole, Ruud},
  journal={Parliamentary Party Groups in European Democracies. Political Parties behind Closed Doors. London: Routledge},
  pages={4--22},
  year={2000}
}

@article{dolezal2014parties,
  title={How parties compete for votes: A test of saliency theory},
  author={Dolezal, Martin and Ennser-Jedenastik, Laurenz and M{\"u}ller, Wolfgang C and Winkler, Anna Katharina},
  journal={European Journal of Political Research},
  volume={53},
  number={1},
  pages={57--76},
  year={2014},
  publisher={Wiley Online Library}
}

@article{muller2003parliamentary,
  title={Parliamentary democracy: Promise and problems},
  author={M{\"u}ller, Wolfgang C and Strom, Kaare and Bergman, Torbj{\"o}rn},
  year={2003},
  publisher={Oxford University Press}
}

@article{damore2002candidate,
  title={Candidate strategy and the decision to go negative},
  author={Damore, David F},
  journal={Political Research Quarterly},
  volume={55},
  number={3},
  pages={669--685},
  year={2002},
  publisher={University of Utah 260 SO. CENTRAL CAMPUS DRIVE, RM. 252, SALT LAKE CITY, UTAH 84112-9153, USA}
}

@article{walter2014stakes,
  title={When the stakes are high: Party competition and negative campaigning},
  author={Walter, Annemarie S and Van der Brug, Wouter and van Praag, Philip},
  journal={Comparative Political Studies},
  volume={47},
  number={4},
  pages={550--573},
  year={2014},
  publisher={SAGE Publications Sage CA: Los Angeles, CA}
}

% Corpus

@article{bt2018,
   author = {{Deutscher Bundestag}},
   title = {Open Data: Plenarprotokolle},
   year = {2017},
   url = {https://www.bundestag.de/service/opendata}
}

@article{cap2018,
   author = {{CAP}},
   title = {Comparative Agendas Project},
   year = {2018},
   url = {https://www.comparativeagendas.net/}
}


@article{hino2013measuring,
  title={Measuring Party Competition from Legislative Speeches: Analyses of Japanese Parliamentary Debates, 1953-2011},
  author={Hino, Airo and Curini, Luigi and Osaki, Atsushi},
  year={2013}
}


@article{benoit2017measuring,
  title={Measuring and Explaining Political Sophistication Through Textual Complexity},
  author={Benoit, Kenneth and Munger, Kevin and Spirling, Arthur},
  year={2017}
}


@article{rudkowsky2018more,
  title={More than Bags of Words: Sentiment Analysis with Word Embeddings},
  author={Rudkowsky, Elena and Haselmayer, Martin and Wastian, Matthias and Jenny, Marcelo and Emrich, {\v{S}}tefan and Sedlmair, Michael},
  journal={Communication Methods and Measures},
  volume={12},
  number={2-3},
  pages={140--157},
  year={2018},
  publisher={Taylor \& Francis}
}

@inproceedings{back2011ideological,
  title={The Ideological Cohesion of Political Parties},
  author={B{\"a}ck, Hanna and Debus, Marc and M{\"u}ller, Wolfgang C},
  booktitle={Workshop {\guillemotleft}Cohesion, Dissent and Partisan Politics in European Legislatures{\guillemotright}, ECPR Joint Sessions of Workshops},
  year={2011}
}

@article{brennan1993rationalising,
  title={Rationalising parliamentary systems},
  author={Brennan, Geoffrey and Hamlin, Alan},
  journal={Australian Journal of Political Science},
  volume={28},
  number={3},
  pages={443--457},
  year={1993},
  publisher={Taylor \& Francis}
}

@article{pennings2006empirical,
  title={An empirical analysis of the Europeanization of national party manifestos, 1960--2003},
  author={Pennings, Paul},
  journal={European Union Politics},
  volume={7},
  number={2},
  pages={257--270},
  year={2006},
  publisher={Sage Publications London, Thousand Oaks CA, New Delhi}
}

@article{walgrave2012associative,
  title={The associative dimension of issue ownership},
  author={Walgrave, Stefaan and Lefevere, Jonas and Tresch, Anke},
  journal={Public Opinion Quarterly},
  volume={76},
  number={4},
  pages={771--782},
  year={2012},
  publisher={Oxford University Press UK}
}

@article{van2004issue,
  title={Issue ownership and party choice},
  author={Van der Brug, Wouter},
  journal={Electoral Studies},
  volume={23},
  number={2},
  pages={209--233},
  year={2004},
  publisher={Elsevier}
}

@book{russell2017legislation,
  title={Legislation at westminster: Parliamentary actors and influence in the making of British law},
  author={Russell, Meg and Gover, Daniel},
  year={2017},
  publisher={Oxford University Press}
}

% NLP

@article{kessler2017scattertext,
  author    = {Kessler, Jason S.},
  title     = {Scattertext: a Browser-Based Tool for Visualizing how Corpora Differ},
  booktitle = {Proceedings of ACL-2017 System Demonstrations},
  year      = {2017},
  address   = {Vancouver, Canada},
  publisher = {Association for Computational Linguistics},
}

@ARTICLE{spacy2,
   AUTHOR  = {Honnibal, Matthew AND Montani, Ines},
   TITLE   = {spaCy 2: Natural language understanding with Bloom embeddings, convolutional neural networks and incremental parsing},
   YEAR    = {2017},
   URL = {https://github.com/explosion/spaCy}
}


@article{lecun2015deep,
  title={Deep learning},
  author={LeCun, Yann and Bengio, Yoshua and Hinton, Geoffrey},
  journal={nature},
  volume={521},
  number={7553},
  pages={436},
  year={2015},
  publisher={Nature Publishing Group}
}


@inproceedings{pennington2014glove,
  title={Glove: Global vectors for word representation},
  author={Pennington, Jeffrey and Socher, Richard and Manning, Christopher},
  booktitle={Proceedings of the 2014 conference on empirical methods in natural language processing (EMNLP)},
  pages={1532--1543},
  year={2014}
}

@inproceedings{soderland2001building,
  title={Building a machine learning based text understanding system},
  author={Soderland, Stephen},
  booktitle={Proceedings of IJCAI Workshop on Adaptive Text Extraction and Mining},
  pages={64--70},
  year={2001}
}

@article{werbos1990backpropagation,
  title={Backpropagation through time: what it does and how to do it},
  author={Werbos, Paul J},
  journal={Proceedings of the IEEE},
  volume={78},
  number={10},
  pages={1550--1560},
  year={1990},
  publisher={IEEE}
}

@article{
  standford2017,
	Author = {Dan Jurafsky and James H. Martin},
	Journal = {Standford University Press},
	Number = {3},
	Title = {Speech and Language Processing},
	Year = {2017}
}

@article{mullen2004sentiment,
  title={Sentiment analysis using support vector machines with diverse information sources},
  author={Mullen, Tony and Collier, Nigel},
  booktitle={Proceedings of the 2004 conference on empirical methods in natural language processing},
  year={2004}
}

@book{pangopinion,
  title={Opinion mining and sentiment analysis},
  author={Pang, Bo and Lee, Lillian},
  publisher={Now Publishers Inc., Foundations trends in information retrieval, available at http://portal. acm. org/citation. cfm}
}

@article{tsne,
	Author = {van der Maaten, LJP and Hinton, Geoffrey E},
	Date-Added = {2017-03-22 13:34:13 +0000},
	Date-Modified = {2017-03-22 13:36:03 +0000},
	Journal = {Journal of Machine Learning Research},
	Number = {9},
	Pages = {2579-2605},
	Title = {Visualizing High-Dimensional Data Using t-SNE},
	Year = {2008}}

@article{dayhoff2001artificial,
  title={Artificial neural networks},
  author={Dayhoff, Judith E and DeLeo, James M},
  journal={Cancer},
  volume={91},
  number={S8},
  pages={1615--1635},
  year={2001},
  publisher={Wiley Online Library}
}

@article{borgatti2009network,
  title={Network analysis in the social sciences},
  author={Borgatti, Stephen P and Mehra, Ajay and Brass, Daniel J and Labianca, Giuseppe},
  journal={science},
  volume={323},
  number={5916},
  pages={892--895},
  year={2009},
  publisher={American Association for the Advancement of Science}
}

@article{glorot2011deep,
	Author = {Glorot, Xavier and Bordes, Antoine and Bengio, Yoshua},
	Booktitle = {Aistats},
	Number = {106},
	Pages = {275},
	Title = {Deep Sparse Rectifier Neural Networks.},
	Volume = {15},
	Year = {2011}}

@article{stack1,
	Author = {StackExchange},
	Date-Added = {2017-03-20 23:31:51 +0000},
	Date-Modified = {2017-03-20 23:33:01 +0000},
	Journal = {Cross Validated},
	Title = {Comprehensive list of activation functions in neural networks with pros/cons},
	Year = {2015}}
	
@article{uc2018,
	Author = {UC},
	Journal = {Github Tutorials},
	Title = {Feedforward Deep Learning Models},
	Year = {2018}
}

@article{haykin2004dnn,
  title={A comprehensive foundation},
  author={Haykin, Simon and Network, Neural},
  journal={Neural networks},
  volume={2},
  number={2004},
  pages={41},
  year={2004}
}

@article{srivastava2014dropout,
  title={Dropout: a simple way to prevent neural networks from overfitting},
  author={Srivastava, Nitish and Hinton, Geoffrey and Krizhevsky, Alex and Sutskever, Ilya and Salakhutdinov, Ruslan},
  journal={The Journal of Machine Learning Research},
  volume={15},
  number={1},
  pages={1929--1958},
  year={2014},
  publisher={JMLR. org}
}

@article{zhang2015sensitivity,
  title={A sensitivity analysis of (and practitioners' guide to) convolutional neural networks for sentence classification},
  author={Zhang, Ye and Wallace, Byron},
  journal={arXiv preprint arXiv:1510.03820},
  year={2015}
}

@inproceedings{krizhevsky2012imagenet,
  title={Imagenet classification with deep convolutional neural networks},
  author={Krizhevsky, Alex and Sutskever, Ilya and Hinton, Geoffrey E},
  booktitle={Advances in neural information processing systems},
  pages={1097--1105},
  year={2012}
}

@inproceedings{ren2015faster,
  title={Faster r-cnn: Towards real-time object detection with region proposal networks},
  author={Ren, Shaoqing and He, Kaiming and Girshick, Ross and Sun, Jian},
  booktitle={Advances in neural information processing systems},
  pages={91--99},
  year={2015}
}

@article{farabet2012scene,
  title={Scene parsing with multiscale feature learning, purity trees, and optimal covers},
  author={Farabet, Cl{\'e}ment and Couprie, Camille and Najman, Laurent and LeCun, Yann},
  journal={arXiv preprint arXiv:1202.2160},
  year={2012}
}

@inproceedings{taigman2014deepface,
  title={Deepface: Closing the gap to human-level performance in face verification},
  author={Taigman, Yaniv and Yang, Ming and Ranzato, Marc'Aurelio and Wolf, Lior},
  booktitle={Proceedings of the IEEE conference on computer vision and pattern recognition},
  pages={1701--1708},
  year={2014}
}

@inproceedings{toshev2014deeppose,
  title={Deeppose: Human pose estimation via deep neural networks},
  author={Toshev, Alexander and Szegedy, Christian},
  booktitle={Proceedings of the IEEE conference on computer vision and pattern recognition},
  pages={1653--1660},
  year={2014}
}

@inproceedings{oh2015action,
  title={Action-conditional video prediction using deep networks in atari games},
  author={Oh, Junhyuk and Guo, Xiaoxiao and Lee, Honglak and Lewis, Richard L and Singh, Satinder},
  booktitle={Advances in neural information processing systems},
  pages={2863--2871},
  year={2015}
}

@article{kim2014convolutional,
  title={Convolutional neural networks for sentence classification},
  author={Kim, Yoon},
  journal={arXiv preprint arXiv:1408.5882},
  year={2014}
}

@article{levy2016breast,
  title={Breast mass classification from mammograms using deep convolutional neural networks},
  author={L{\'e}vy, Daniel and Jain, Arzav},
  journal={arXiv preprint arXiv:1612.00542},
  year={2016}
}

@inproceedings{vinyals2015show,
  title={Show and tell: A neural image caption generator},
  author={Vinyals, Oriol and Toshev, Alexander and Bengio, Samy and Erhan, Dumitru},
  booktitle={Proceedings of the IEEE conference on computer vision and pattern recognition},
  pages={3156--3164},
  year={2015}
}

@inproceedings{karpathy2015deep,
  title={Deep visual-semantic alignments for generating image descriptions},
  author={Karpathy, Andrej and Fei-Fei, Li},
  booktitle={Proceedings of the IEEE conference on computer vision and pattern recognition},
  pages={3128--3137},
  year={2015}
}

@inproceedings{zhang2015character,
  title={Character-level convolutional networks for text classification},
  author={Zhang, Xiang and Zhao, Junbo and LeCun, Yann},
  booktitle={Advances in neural information processing systems},
  pages={649--657},
  year={2015}
}

@inproceedings{kim2016character,
  title={Character-Aware Neural Language Models.},
  author={Kim, Yoon and Jernite, Yacine and Sontag, David and Rush, Alexander M},
  booktitle={AAAI},
  pages={2741--2749},
  year={2016}
}

@inproceedings{mikolov2010recurrent,
  title={Recurrent neural network based language model},
  author={Mikolov, Tom{\'a}{\v{s}} and Karafi{\'a}t, Martin and Burget, Luk{\'a}{\v{s}} and {\v{C}}ernock{\`y}, Jan and Khudanpur, Sanjeev},
  booktitle={Eleventh Annual Conference of the International Speech Communication Association},
  year={2010}
}

@article{taboada2016sentiment,
  title={Sentiment analysis: an overview from linguistics},
  author={Taboada, Maite},
  year={2016},
  publisher={Annual Reviews}
}

@article{JSSv028i05,
   author = {Max Kuhn},
   title = {Building Predictive Models in R Using the caret Package},
   journal = {Journal of Statistical Software, Articles},
   volume = {28},
   number = {5},
   year = {2008},
   keywords = {},
   abstract = {The caret package, short for classification and regression training, contains numerous tools for developing predictive models using the rich set of models available in R. The package focuses on simplifying model training and tuning across a wide variety of modeling techniques. It also includes methods for pre-processing training data, calculating variable importance, and model visualizations. An example from computational chemistry is used to illustrate the functionality on a real data set and to benchmark the benefits of parallel processing with several types of models.},
   issn = {1548-7660},
   pages = {1--26},
   doi = {10.18637/jss.v028.i05},
   url = {https://www.jstatsoft.org/v028/i05}
}

### ML 

@article{karlik2011performance,
  title={Performance analysis of various activation functions in generalized MLP architectures of neural networks},
  author={Karlik, Bekir and Olgac, A Vehbi},
  journal={International Journal of Artificial Intelligence and Expert Systems},
  volume={1},
  number={4},
  pages={111--122},
  year={2011}
}

@inproceedings{wan2013regularization,
  title={Regularization of neural networks using dropconnect},
  author={Wan, Li and Zeiler, Matthew and Zhang, Sixin and Le Cun, Yann and Fergus, Rob},
  booktitle={International Conference on Machine Learning},
  pages={1058--1066},
  year={2013}
}

@inproceedings{abadi2016tensorflow,
  title={Tensorflow: a system for large-scale machine learning.},
  author={Abadi, Mart{\'\i}n and Barham, Paul and Chen, Jianmin and Chen, Zhifeng and Davis, Andy and Dean, Jeffrey and Devin, Matthieu and Ghemawat, Sanjay and Irving, Geoffrey and Isard, Michael and others},
  booktitle={OSDI},
  volume={16},
  pages={265--283},
  year={2016}
}

@article{goldberg2016primer,
  title={A primer on neural network models for natural language processing},
  author={Goldberg, Yoav},
  journal={Journal of Artificial Intelligence Research},
  volume={57},
  pages={345--420},
  year={2016}
}

@article{young2018recent,
  title={Recent trends in deep learning based natural language processing},
  author={Young, Tom and Hazarika, Devamanyu and Poria, Soujanya and Cambria, Erik},
  journal={ieee Computational intelligenCe magazine},
  volume={13},
  number={3},
  pages={55--75},
  year={2018},
  publisher={IEEE}
}

@inproceedings{hinton1986learning,
  title={Learning distributed representations of concepts},
  author={Hinton, Geoffrey E and others},
  booktitle={Proceedings of the eighth annual conference of the cognitive science society},
  volume={1},
  pages={12},
  year={1986},
  organization={Amherst, MA}
}

@article{mikolov2013efficient,
  title={Efficient estimation of word representations in vector space},
  author={Mikolov, Tomas and Chen, Kai and Corrado, Greg and Dean, Jeffrey},
  journal={arXiv preprint arXiv:1301.3781},
  year={2013}
}

@article{landauer1997solution,
  title={A solution to Plato's problem: The latent semantic analysis theory of acquisition, induction, and representation of knowledge.},
  author={Landauer, Thomas K and Dumais, Susan T},
  journal={Psychological review},
  volume={104},
  number={2},
  pages={211},
  year={1997},
  publisher={US: American Psychological Association}
}

@article{bengio1994learning,
  title={Learning long-term dependencies with gradient descent is difficult},
  author={Bengio, Yoshua and Simard, Patrice and Frasconi, Paolo},
  journal={IEEE transactions on neural networks},
  volume={5},
  number={2},
  pages={157--166},
  year={1994}
}

@article{hochreiter1997long,
  title={Long short-term memory},
  author={Hochreiter, Sepp and Schmidhuber, J{\"u}rgen},
  journal={Neural computation},
  volume={9},
  number={8},
  pages={1735--1780},
  year={1997},
  publisher={MIT Press}
}

@article{linell1982concept,
  title={The concept of phonological form and the activities of speech production and speech perception.},
  author={Linell, Per},
  journal={Journal of Phonetics},
  year={1982},
  publisher={Elsevier Science}
}

@article{blei2003latent,
  title={Latent dirichlet allocation},
  author={Blei, David M and Ng, Andrew Y and Jordan, Michael I},
  journal={Journal of machine Learning research},
  volume={3},
  number={Jan},
  pages={993--1022},
  year={2003}
}

@article{quinn2010analyze,
  title={How to analyze political attention with minimal assumptions and costs},
  author={Quinn, Kevin M and Monroe, Burt L and Colaresi, Michael and Crespin, Michael H and Radev, Dragomir R},
  journal={American Journal of Political Science},
  volume={54},
  number={1},
  pages={209--228},
  year={2010},
  publisher={Wiley Online Library}
}

### Sentiment

@article{schumaker2012evaluating,
  title={Evaluating sentiment in financial news articles},
  author={Schumaker, Robert P and Zhang, Yulei and Huang, Chun-Neng and Chen, Hsinchun},
  journal={Decision Support Systems},
  volume={53},
  number={3},
  pages={458--464},
  year={2012},
  publisher={Elsevier}
}

@article{rheault2016measuring,
  title={Measuring emotion in parliamentary debates with automated textual analysis},
  author={Rheault, Ludovic and Beelen, Kaspar and Cochrane, Christopher and Hirst, Graeme},
  journal={PloS one},
  volume={11},
  number={12},
  pages={e0168843},
  year={2016},
  publisher={Public Library of Science}
}



@article{haselmayer2017sentiment,
  title={Sentiment analysis of political communication: combining a dictionary approach with crowdcoding},
  author={Haselmayer, Martin and Jenny, Marcelo},
  journal={Quality \& quantity},
  volume={51},
  number={6},
  pages={2623--2646},
  year={2017},
  publisher={Springer}
}

@article{greene2016nuts,
  title={The nuts and bolts of automated text analysis. Comparing different document pre-processing techniques in four countries},
  author={Greene, Zac and Ceron, Andrea and Schumacher, Gijs and Fazekas, Zoltan},
  year={2016},
  publisher={Open Science Framework}
}

@inproceedings{aleebrahim2011sentiment,
  title={Sentiment classification of online product reviews using product features},
  author={Aleebrahim, Neda and Fathian, Mohammad and Gholamian, Mohammad Reza},
  booktitle={Data Mining and Intelligent Information Technology Applications (ICMiA), 2011 3rd International Conference on},
  pages={242--245},
  year={2011},
  organization={IEEE}
}

@article{manek2017aspect,
  title={Aspect term extraction for sentiment analysis in large movie reviews using Gini Index feature selection method and SVM classifier},
  author={Manek, Asha S and Shenoy, P Deepa and Mohan, M Chandra and Venugopal, KR},
  journal={World wide web},
  volume={20},
  number={2},
  pages={135--154},
  year={2017},
  publisher={Springer}
}

@article{radford2017learning,
  title={Learning to generate reviews and discovering sentiment},
  author={Radford, Alec and Jozefowicz, Rafal and Sutskever, Ilya},
  journal={arXiv preprint arXiv:1704.01444},
  year={2017}
}

@article{tripathy2016classification,
  title={Classification of sentiment reviews using n-gram machine learning approach},
  author={Tripathy, Abinash and Agrawal, Ankit and Rath, Santanu Kumar},
  journal={Expert Systems with Applications},
  volume={57},
  pages={117--126},
  year={2016},
  publisher={Elsevier}
}


@article{tang2009survey,
  title={A survey on sentiment detection of reviews},
  author={Tang, Huifeng and Tan, Songbo and Cheng, Xueqi},
  journal={Expert Systems with Applications},
  volume={36},
  number={7},
  pages={10760--10773},
  year={2009},
  publisher={Elsevier}
}

@inproceedings{asmi2012negation,
  title={Negation identification and calculation in sentiment analysis},
  author={Asmi, Amna and Ishaya, Tanko},
  booktitle={The second international conference on advances in information mining and management},
  pages={1--7},
  year={2012}
}

@article{montejo2014ranked,
  title={Ranked wordnet graph for sentiment polarity classification in twitter},
  author={Montejo-R{\'a}ez, Arturo and Mart{\'\i}nez-C{\'a}mara, Eugenio and Mart{\'\i}n-Valdivia, M Teresa and Ure{\~n}a-L{\'o}pez, L Alfonso},
  journal={Computer Speech \& Language},
  volume={28},
  number={1},
  pages={93--107},
  year={2014},
  publisher={Elsevier}
}

@article{aaldering2016political,
  title={Political leaders and the media. Can we measure political leadership images in newspapers using computer-assisted content analysis?},
  author={Aaldering, Loes and Vliegenthart, Rens},
  journal={Quality \& quantity},
  volume={50},
  number={5},
  pages={1871--1905},
  year={2016},
  publisher={Springer}
}

@article{haselmayer2017sentiment,
  title={Sentiment analysis of political communication: combining a dictionary approach with crowdcoding},
  author={Haselmayer, Martin and Jenny, Marcelo},
  journal={Quality \& quantity},
  volume={51},
  number={6},
  pages={2623--2646},
  year={2017},
  publisher={Springer}
}

@article{van2008good,
  title={Good news or bad news? Conducting sentiment analysis on Dutch text to distinguish between positive and negative relations},
  author={Van Atteveldt, Wouter and Kleinnijenhuis, Jan and Ruigrok, Nel and Schlobach, Stefan},
  journal={Journal of Information Technology \& Politics},
  volume={5},
  number={1},
  pages={73--94},
  year={2008},
  publisher={Taylor \& Francis}
}

@article{burscher2014teaching,
  title={Teaching the computer to code frames in news: Comparing two supervised machine learning approaches to frame analysis},
  author={Burscher, Bj{\"o}rn and Odijk, Daan and Vliegenthart, Rens and De Rijke, Maarten and De Vreese, Claes H},
  journal={Communication Methods and Measures},
  volume={8},
  number={3},
  pages={190--206},
  year={2014},
  publisher={Taylor \& Francis}
}

@article{ceron2015using,
  title={Using sentiment analysis to monitor electoral campaigns: Method matters—evidence from the United States and Italy},
  author={Ceron, Andrea and Curini, Luigi and Iacus, Stefano M},
  journal={Social Science Computer Review},
  volume={33},
  number={1},
  pages={3--20},
  year={2015},
  publisher={SAGE Publications Sage CA: Los Angeles, CA}
}

@article{hopkins2010method,
  title={A method of automated nonparametric content analysis for social science},
  author={Hopkins, Daniel J and King, Gary},
  journal={American Journal of Political Science},
  volume={54},
  number={1},
  pages={229--247},
  year={2010},
  publisher={Wiley Online Library}
}

@article{taboada2011lexicon,
  title={Lexicon-based methods for sentiment analysis},
  author={Taboada, Maite and Brooke, Julian and Tofiloski, Milan and Voll, Kimberly and Stede, Manfred},
  journal={Computational linguistics},
  volume={37},
  number={2},
  pages={267--307},
  year={2011},
  publisher={MIT Press}
}

@article{hinton2012improving,
  title={Improving neural networks by preventing co-adaptation of feature detectors},
  author={Hinton, Geoffrey E and Srivastava, Nitish and Krizhevsky, Alex and Sutskever, Ilya and Salakhutdinov, Ruslan R},
  journal={arXiv preprint arXiv:1207.0580},
  year={2012}
}

@article{srivastava2014dropout,
  title={Dropout: a simple way to prevent neural networks from overfitting},
  author={Srivastava, Nitish and Hinton, Geoffrey and Krizhevsky, Alex and Sutskever, Ilya and Salakhutdinov, Ruslan},
  journal={The Journal of Machine Learning Research},
  volume={15},
  number={1},
  pages={1929--1958},
  year={2014},
  publisher={JMLR. org}
}

@article{hirst2014text,
  title={Text to Ideology or Text to Party Status?},
  author={Hirst, Graeme and Riabinin, Yaroslav and Graham, Jory and Boizot-Roche, Magali and Morris, Colin},
  journal={Kaal, Bertie; Maks, E. Isa; and van Elfrinkhof, Annemarie ME (editors), From Text to Political Positions: Text analysis across disciplines, Amsterdam: John Benjamins},
  pages={93--115},
  year={2014}
}

@article{tsne,
  title = {Visualizing High-Dimensional Data Using t-SNE},
  volume = {9},
  pages = {2579-2605},
  year = {2008},
  author = {L.J.P. {van der Maaten} and G.E. Hinton},
  journal = {Journal of Machine Learning Research},
}

@article{kuhn2008caret,
  title={Caret package},
  author={Kuhn, Max and others},
  journal={Journal of statistical software},
  volume={28},
  number={5},
  pages={1--26},
  year={2008}
}

@inproceedings{blatte2018germaparl,
  title={The GermaParl Corpus of Parliamentary Protocols.},
  author={Bl{\"a}tte, Andreas and Blessing, Andr{\'e}},
  booktitle={LREC},
  year={2018}
}

@book{gelman2006data,
  title={Data analysis using regression and multilevel/hierarchical models},
  author={Gelman, Andrew and Hill, Jennifer},
  year={2006},
  publisher={Cambridge university press}
}